@book{fn01,
  author = {Marx, Karl},
  title = {Zur Kritik der Politischen Oekonomie},
  year = {1859},
  address = {Berlin}
}

@book{fn02,
  author = {Barbon, Nicholas},
  title = {A Discourse on Coining the New Money Lighter. In Answer to Mr Locke's Considerations About Raising the Value of Money.},
  year = {1696},
  address = {London}
}

@book{fn04,
  author = {Locke, John},
  title = {Some Considerations on the Consequences of the Lowering of Interest},
  year = {1691},
  booktitle = {Works},
  address = {London},
  volume = {2}
}

@book{fn06,
  author = {Le Trosne},
  title = {{De l'Intérêt Social}},
  editor = {Daire},
  year = {1846},
  address = {Paris}
}

@book{fn09,
  title = {Some Thoughts on the Interest of Money in General, and Particularly in the Publick Funds},
  note = {This remarkable anonymous work,
  written in the last century, bears no date.
  It is clear, however, from internal evidence, that it appeared in the reign 
  of George~II, about 1739 or 1740.},
  address = {London},
}

@book{butlerhudibras,
  author = {Butler, Samuel},
  title = {Hudibras},
  series = {Part 2},
  volume = {Canto 1},
  pages = {465-466},
  quote = {For what is worth in anything, but so much money as 'twill bring?}
}



